@article{tutorialIEEE,
  author={V. {Sze} and Y. {Chen} and T. {Yang} and J. S. {Emer}},
  journal={Proceedings of the IEEE}, 
  title={Efficient Processing of Deep Neural Networks: A Tutorial and Survey}, 
  year={2017},
  volume={105},
  number={12},
  pages={2295-2329},
  doi={10.1109/JPROC.2017.2761740}
}

@Inbook{chapterBookDL,
    author={Qin, T.},
    title={Deep Learning Basics},
    bookTitle={Dual Learning},
    year={2020},
    publisher={Springer Singapore},
    pages={25--46},
    isbn={978-981-15-8884-6},
    doi={https://doi.org/10.1007/978-981-15-8884-6_3},
}

@article{lecundeeplearning,
  title={Deep learning},
  author={LeCun, Yann and Bengio, Yoshua and Hinton, Geoffrey},
  journal={nature},
  volume={521},
  number={7553},
  pages={436--444},
  year={2015},
  publisher={Nature Publishing Group}
}

@article{kim2019deep,
  title={Deep learning in medical imaging},
  author={Kim, M. and Yun, J. and Cho, Y. and Shin, K. and Jang, R. and Bae, H. and Kim, N.},
  journal={Neurospine},
  volume={16},
  number={4},
  pages={657},
  year={2019},
  publisher={Korean Spinal Neurosurgery Society}
}

@article{deeplearningHealthcare,
  title={A guide to deep learning in healthcare},
  author={Esteva, Andre and Robicquet, Alexandre and Ramsundar, Bharath and Kuleshov, Volodymyr and DePristo, Mark and Chou, Katherine and Cui, Claire and Corrado, Greg and Thrun, Sebastian and Dean, Jeff},
  journal={Nature medicine},
  volume={25},
  number={1},
  pages={24--29},
  year={2019},
  publisher={Nature Publishing Group}
}

@book{deeplearningbook,
  title={Deep learning},
  author={Goodfellow, Ian and Bengio, Yoshua and Courville, Aaron and Bengio, Yoshua},
  volume={1},
  number={2},
  year={2016},
  publisher={MIT press Cambridge}
}

@article{navrat2007umela,
  title={Umelá inteligencia},
  author={Návrat, Pavol and Bieliková, Mária and Beňušková, Ľ. and Kapustník, I and Unger, Milan},
  journal={Bratislava: Vydavateľstvo STU},
  year={2007}
}

@article{greekDeepLearning,
  title={Deep convolution neural networks in computer vision: a review},
  author={Yoo, Hyeon-Joong},
  journal={IEIE Transactions on Smart Processing \& Computing},
  volume={4},
  number={1},
  pages={35--43},
  year={2015}
}

@article{stanford2017,
  title={Harnessing the power of data in health},
  author={Minor, LB},
  journal={Stanford Med. Heal. Trends Rep.},
  year={2017}
}

@article{stanford2020,
  title={The Rise of the Data-Driven Physician},
  author={Minor, LB},
  journal={Stanford Med. Heal. Trends Rep.},
  year={2020}
}

@article{longsurvey2018,
  title={A survey of deep learning: Platforms, applications and emerging research trends},
  author={Hatcher, W. G. and Yu, W.},
  journal={IEEE Access},
  volume={6},
  pages={24411-24432},
  year={2018},
  publisher={IEEE}
}

@article{diagnostic50years,
  title={Diagnostic imaging over the last 50 years: research and development in medical imaging science and technology},
  author={Doi, K.},
  journal={Physics in Medicine \& Biology},
  volume={51},
  number={13},
  pages={R5},
  year={2006},
  publisher={IOP Publishing}
}

@article{CADinmedicalImaging,
  title={Computer-aided diagnosis in medical imaging: historical review, current status and future potential},
  author={Doi, K.},
  journal={Computerized medical imaging and graphics},
  volume={31},
  number={4-5},
  pages={198--211},
  year={2007},
  publisher={Elsevier}
}

@article{surveyOnImageing,
  title={A survey on deep learning in medical image analysis},
  author={Litjens, G. and Kooi, T. and Bejnordi, B. E. and Setio, A. A. A. and Ciompi, F. and Ghafoorian, M. and Van Der Laak, J. A. and Van Ginneken, B. and S{\'a}nchez, C. I.},
  journal={Medical image analysis},
  volume={42},
  pages={60--88},
  year={2017},
  publisher={Elsevier}
}

@article {overnightCTinterpret,
	author = {Strub, W.M. and Leach, J.L. and Tomsick, T. and Vagal, A.},
	title = {Overnight Preliminary Head CT Interpretations Provided by Residents: Locations of Misidentified Intracranial Hemorrhage},
	volume = {28},
	number = {9},
	pages = {1679--1682},
	year = {2007},
	doi = {10.3174/ajnr.A0653},
	publisher = {American Journal of Neuroradiology},
	issn = {0195-6108},
	URL = {http://www.ajnr.org/content/28/9/1679},
	eprint = {http://www.ajnr.org/content/28/9/1679.full.pdf},
	journal = {American Journal of Neuroradiology}
}

@article {residentEval,
	author = {Erly, W. K. and Berger, W. G. and Krupinski, E. and Seeger, J. F. and Guisto, J. A.},
	title = {Radiology Resident Evaluation of Head CT Scan Orders in the Emergency Department},
	volume = {23},
	number = {1},
	pages = {103--107},
	year = {2002},
	publisher = {American Journal of Neuroradiology},
	issn = {0195-6108},
	URL = {http://www.ajnr.org/content/23/1/103},
	eprint = {http://www.ajnr.org/content/23/1/103.full.pdf},
	journal = {American Journal of Neuroradiology}
}

@article{windowClassBiomArt,
  title={Window classification of brain CT images in biomedical articles},
  author={Xue, Z. and Antani, S. and Long, L. and Demner-Fushman, D. and Thoma, G. R.},
  booktitle={AMIA Annual Symposium Proceedings},
  volume={12},
  pages={1023},
  year={2012},
  organization={American Medical Informatics Association}
}

@article{principlesOfCT,
    author = {Parizel, P. and Makkat, S. and Miert, E. and Van Goethem, J. and van den Hauwe, L. and Schepper, A.},
    year = {2001},
    month = {02},
    pages = {1770-83},
    title = {Intracranial hemorrhage: Principles of CT and MRI interpretation},
    volume = {11},
    journal = {European radiology},
    doi = {10.1007/s003300000800}
}

@article{neuroimagingInTraumaticImageing,
  title={Neuroimaging in traumatic brain imaging},
  author={Lee, B. and Newberg, A.},
  journal={NeuroRx},
  volume={2},
  number={2},
  pages={372-383},
  year={2005},
  publisher={Elsevier}
}

@article{imagingAfterBrainInjury,
    author = {Coles, J. P.},
    title = "{Imaging after brain injury}",
    journal = {BJA: British Journal of Anaesthesia},
    volume = {99},
    number = {1},
    pages = {49-60},
    year = {2007},
    month = {07},
    ssn = {0007-0912},
    doi = {10.1093/bja/aem141},
    url = {https://doi.org/10.1093/bja/aem141},
    eprint = {https://academic.oup.com/bja/article-pdf/99/1/49/752684/aem141.pdf}
}

@book{ICHbookstats,
    title = {{Priorities in Critical Care Nursing E-Book}},
    year = {2019},
    author = { Urden, L.D. and Stacy, K.M. and Lough, M.E},
    isbn={9780323544955},
    pages={305},
    publisher={Elsevier Health Sciences},
    url={https://books.google.sk/books?id=jySDDwAAQBAJ}
}

@article{imagingICH,
  title={Imaging of intracranial hemorrhage},
  author={Heit, Jeremy J and Iv, Michael and Wintermark, Max},
  journal={Journal of stroke},
  volume={19},
  number={1},
  pages={11-27},
  year={2017},
  publisher={Korean Stroke Society}
}

@article{ICHsubtypes-CT,
  title={Dual-energy CT of the brain: comparison between DECT angiography-derived virtual unenhanced images and true unenhanced images in the detection of intracranial haemorrhage},
  author={Bonatti, M. and Lombardo, F. and Zamboni, G. A. and Pernter, P. and Mucelli, R. P. and Bonatti, G.},
  journal={European Radiology},
  volume={27},
  number={7},
  pages={2690--2697},
  year={2017},
  publisher={Springer}
}
@article{intracranial2,
    author = {Naidech, A.M.},
    journaltitle = {American Journal of Respiratory and Critical Care Medicine},
    title = {{Intracranial hemorrhage}},
    url = {https://doi.org/10.1164/rccm.201103-0475CI},
    year = {2011},
    volume = {184},
    number = {9},
    pages={998-1006}
}

@article{relatedWork1,
    author = {Arbabshirani, M. R. and Fornwalt, B. K. and Mongelluzzo, G. J. and Suever, J. D. and Geise, B. D. and Patel, A. A. and Moore, G. J.},
    journaltitle = {NPJ Digital Med},
    title = {{Advanced machine learning in action: identification of intracranial hemorrhage on computed tomography scans of the head with clinical workflow integration}},
    url = {https://doi.org/10.1038/s41746-017-0015-z},
    urldate = {2020-11-30},
    year = {2018},
    volume = {1},
    number = {9},
    publisher={Springer}
}

@article{relatedWork2,
    author = {Ye, H. and Gao, F. and Yin, Y., and Guo, D. and Zhao, P. and Lu, Y. and Wang, X. and Bai, J. and Cao, K.},
    journaltitle = {European radiology},
    title = {{Precise diagnosis of intracranial hemorrhage and subtypes using a three-dimensional joint convolutional and recurrent neural network}},
    url = {https://doi.org/10.1007/s00330-019-06163-2},
    urldate = {2020-11-30},
    volume={1},
    number={1},
    pages={1--7},
    year={2018},
    publisher={Nature Publishing Group}
}

@article{intracranial1,
  title={Intracranial hemorrhage},
  author={Caceres, J. A. and Goldstein, J.N.},
  journal={Emergency medicine clinics of North America},
  url={10.1016/j.emc.2012.06.003},
  volume={30},
  number={3},
  pages={771-794},
  year={2012},
  publisher={NIH Public Access}
}
   
@unpublished{reenskaugOredevDCI,
	author = {Reenskaug, Trygve},
	title = {{DCI: Re-thinking the foundations of object orientation and of programming}},
	note= {Oredev Developer Conference},
	month = nov,
	year = {2009},
	url = {http://oredev.org/videos/dci--re-thinking-the-foundations-of-oo}
}

@unpublished{coplienQConDCI,
	author = {Coplien, James},
	title = {{The DCI Architecture: Lean and Agile at the Code Level}},
	note= {QCon International Software Development Conference},
	month = jun,
	year = {2010},
	url = {http://www.infoq.com/presentations/The-DCI-Architecture}
}

@unpublished{coplienGOTODCI,
	author = {Coplien, James},
	title = {{James O. Coplien, Gertrud\&Cope, is being interview by Kresten Krab Thorup from Trifork}},
	note= {GOTO International Software Development Conference},
	month = dec,
	year = {2008},
	url = {http://blip.tv/goto-video/jaoo-video-2008-james-o-coplien-1606565}
}

@unpublished{coplienAOSDDCI,
	author = {Coplien, James},
	title = {{Heart of Technology: DCI}},
	note= {AOSD Conference 2012},
	month = mar,
	year = {2012},
	url = {http://www.tele-task.de/archive/lecture/overview/6269/}
}

@unpublished{coplienAOSDObjects,
	author = {Coplien, James},
	title = {{Objects of the People, by the People and for the People}},
	note= {AOSD Conference 2012},
	month = mar,
	year = {2012},
	url = {http://www.tele-task.de/archive/lecture/overview/6270/}
}

@misc{dciInRuby,
    author = {Savkin, Victor and Fonseca, Rinaldi},
    title = {{DCI Sample}},
    howpublished = "\url{https://github.com/vsavkin/DCI-Sample}",
    url = {https://github.com/vsavkin/DCI-Sample}
}




% @book{posa4,
%     title = {{Pattern-Oriented Software Architecture: A Pattern Language for Distributed Computing, Volume 4}},
%     publisher = {Wiley},
%     year = {2007},
%     author = {Buschmann, Frank and Henney, Kevlin and Schmidt, Dfmichaouglas C.},
%     isbn = {978-0-470-05902-9}
% }

@book{dddEvans,
    title = {{Domain-Driven Design: Tackling Complexity in the Heart of Software}},
    publisher = {Addison Wesley},
    year = {2003},
    author = {Evans, Eric},
    isbn = {0-321-12521-5}
}

@book{aosdUseCases,
    title = {{Aspect-Oriented Software Development with Use Cases}},
    publisher = {Addison Wesley Professional},
    year = {2004},
    author = {Jacobson, Ivar and Ng, Pan-Wei},
    isbn = {0-321-26888-1}
}

@book{leanArchCoplien,
    title = {{Lean Architecture for Agile Software Development}},
    publisher = {Wiley},
    year = {2010},
    author = {Coplien, James and Bjornvig, Gertrud},
    isbn = {978-0-470-68420-7}
}


@article{simonyIntentional,
    title = {{The Death of Computer Languages, The Birth of Intentional Programming}},
    organization = {Microsoft Research},
    year = {1995},
    author = {Simonyi, Charles},
    url = {http://research.microsoft.com/apps/pubs/default.aspx?id=69540}
}



@phdthesis{generativeProg,
    type = {dissertation},
    title = {{Generative Programming - Principles and Techniques of Software Engineering Based on Automated Configuration and Fragment-Based Component Models}},
    school = {Technical University of Ilmenau},
    year = {1998},
    author = {Czarnecki, Krzysztof},
    url = {http://www.issi.uned.es/doctorado/generative/Bibliografia/TesisCzarnecki.pdf}
}

@article{dynabook,
    title = {{A Personal Computer for Children of All Ages}},
    organization = {Xerox Palo Alto Research Center},
    year = {1972},
    author = {Kay, Alan C.},
    url = {http://history-computer.com/Library/Kay72.pdf}
}

@article{distractions1,
    author = {Mastrangelo, Paul M. and Everton, Wendi and Jolton, Jeffery A.},
    ISSN = {10949313},
    journal = {CyberPsychology \& Behavior},
    keywords = {PERSONAL Internet use in the workplace, INTERNET users, COMPUTER users, WORK environment, WORK ethic, WORK values, INDUSTRIAL policy},
    number = {6},
    pages = {730 - 741},
    title = {{Personal Use of Work Computers: Distraction versus Destruction.}},
    volume = {9},
    URL = {http://search.ebscohost.com/login.aspx?direct=true&db=a9h&AN=23579773&lang=cs&site=ehost-live},
    year = {2006},
}

@article{distractions2,
    author = {Jett, Quintus R. and George, Jennifer M.},
    ISSN = {03637425},
    journal = {Academy of Management Review},
    keywords = {EMPLOYEES, WORK environment, LABOR productivity, ORGANIZATIONAL behavior, WORK attitudes, WORK ethic, PERSONNEL management, REST periods, DISTRACTION (Psychology), PERFORMANCE},
    number = {3},
    pages = {494 - 507},
    title = {{Work Interrupted: A Closer Look at the Role of Interruptions in Organizational Life}},
    volume = {28},
    URL = {http://search.ebscohost.com/login.aspx?direct=true&db=buh&AN=10196791&lang=cs&site=ehost-live},
    year = {2003},
}


@article{interruptions,
    Author = {Iqbal, Shamsi T. and Horvitz, Eric},
    Journal = {CHI 2007},
    Title = {{Disruption and Recovery of Computing Tasks: Field Study, Analysis, and Directions}},
    URL = {http://research.microsoft.com/en-us/um/people/horvitz/chi_2007_iqbal_horvitz.pdf},
    Year = {2007},
}

@article{forgetting,
    Author = {Anderson, Michael C. and  Bjork, Elizabeth L. and Bjork, Robert A.},
    Journal = {Psychonomic Bulletin \& Review},
    Pages = {522 - 530},
    Title = {{Retrieval-induced forgetting: Evidence for a recall-specific mechanism}},
    URL = {http://www.memorycontrol.net/abb2000.pdf},
    Year = {2000},
}

@article{dcivision,
    Author = {Reenskaug, Trygve and Coplien, Jim},
    Journal = {Artima Developer},
    Title = {{The DCI Architecture: A New Vision of Object-Oriented Programming}},
    URL = {http://www.artima.com/articles/dci_vision.html},
    Year = {2009},
}

@article{literateprogramming,
    Author = {Knuth, Donald E.},
    Journal = {Computer Science Department, Stanford University, Stanford, CA 94305, USA},
    Title = {{Literate Programming}},
    Year = {1983},
}

@MastersThesis{didp,
    author = {Matz, Kevin},
    title = {{Designing and evaluating an intention-based comment enforcement scheme for Java}},
    school = {The Open University},
    url = {http://computing-reports.open.ac.uk/2010/TR2010-22.pdf},
    address = {Walton Hall, Milton Keynes, MK7 6AA, United Kingdom},
    year = {2010},
}

@article{symmetryAOP,
    Author = {Bálik, Jaroslav and Vranić, Valentino},
    Journal = {NEMARA 2012: International Workshop on Next Generation Modularity Approaches for Requirements and Architecture},
    Title = {{Symmetric Aspect-Orientation: Some Practical Consequences}},
    URL = {http://www.aosd.sk/attachments/article/73/p7.pdf},
    Year = {2012},
}

@article{subjectOrientedOssher,
    Author = {Ossher, Harold and Harrison, William and Budinsky, Frank and Simmonds, Ian},
    Title = {{Subject-Oriented Programming: Supporting Decentralized Development of Objects}},
    URL = {http://swt.cs.tu-berlin.de/lehre/seminar/ss02/Papers/Ossher%20-%20Subject-Oriented%20Programming%20Supporting%20Decentralized%20Development%20of%20Objects.pdf},
    Year = {1994},
}

@article{subjectOrientedOssher2,
    Author = {Harrison, William and Ossher, Harold},
    Title = {{Subject-Oriented Programming (A Critique of Pure Objects)}},
    URL = {http://citeseerx.ist.psu.edu/viewdoc/download?doi=10.1.1.131.4805&rep=rep1&type=pdf},
    Year = {1993},
}

@article{tangledcode,
    Author = {Hanenberg, Stefan and Unland, Rainer},
    Title = {{A Proposal For Classifying Tangled Code}},
    Journal={Institute for Computer Science, University of Essen}
}

@article{functionalHudak,
    Author = {Hudak, Paul},
    Title = {{Conception, evolution, and application of functional programming languages}},
    Journal = {ACM Computing Surveys 21},
    URL = {http://www.dbnet.ece.ntua.gr/~adamo/languages/books/p359-hudak.pdf},
    Pages = {359–411},
    Year = {1989}
}

@article{poly,
    Author = {Cardelli, Luca and Wegner, Peter},
    Title = {{On Understanding Types, Data Abstraction, and Polymorphism}},
    Journal = {ACM Computing Surveys},
    URL = {http://lucacardelli.name/Papers/OnUnderstanding.A4.pdf},
    Pages = {471–522},
    Year = {1985}
}


@book{dijkstraIntelligent,
    Author = {Dijkstra, Edsger W.},
    Title = {{Selected Writings on Computing: A Personal Perspective}},
    Journal = {Springer-Verlag},
    URL = {http://www.cs.utexas.edu/users/EWD/ewd04xx/EWD447.PDF},
    Pages = {60–66},
    Year = {1982},
    isbn = {0–387–90652–5}
}

@article{aopassop,
    author = {Kiczales, Gregor J. and Lamping, John O. and Lopes, Cristina V. and Hugunin, James J. and Hilsdale, Erik A. and Boyapati, Chandrasekhar},
    title = {{Aspect-oriented programming}},
    journal = {U.S. Patent Documents, United States Patent},
    URL = {http://www.pmg.lcs.mit.edu/~chandra/publications/aop.html},
    year = {2002},
}

@book{posa4,
    title = {Pattern-Oriented Software Architecture: A Pattern Language for Distributed Computing, Volume 4},
    publisher = {Wiley},
    year = {2007},
    author = {Buschmann, Frank and Henney, Kevlin and Schmidt, Douglas C.},
    isbn = {978-0-470-05902-9},
    url = {http://books.google.sk/books?id=WVQF2PK2tlgC&printsec=frontcover#v=onepage&q&f=false}
}

@book{posa1,
    title = {Pattern-Oriented Software Architecture: A System of Patterns, Volume 1},
    publisher = {Wiley},
    year = {1996},
    author = {Buschmann, Frank and Meunier, Regine and Rohnert, Hans and Sornmerlad, Peter and Stal, Michael},
    isbn = {0-471-95889-7},
    url = {http://wiki2.kszk.info/images/9/98/Sznikak_jegyzet_Pattern-Oriented-SA_vol1.pdf}
}


@book{metaprogramming,
    author = {Perrotta, Paolo},
    title = {{Metaprogramming Ruby}},
    year = {2010},
    isbn = {1934356476, 9781934356470},
    edition = {1st},
    publisher = {Pragmatic Bookshelf},
} 

@article{zenofpython,
    author = {Peters, Tim},
    title = {{Python Philosophy}},
    year = {2004},
    url = {http://www.python.org/dev/peps/pep-0020/}
} 

@article{rubyzen,
    author = {Venners, Bill},
    title = {{The Philosophy of Ruby}},
    year = {2003},
    url = {http://www.artima.com/intv/rubyP.html}
} 

@article{gherkin,
    author = {Hellesoy, Aslak},
    title = {{Gherkin}},
    year = {2014},
    url = {https://github.com/cucumber/cucumber/wiki/Gherkin}
}


@article{intentWebster,
    organization = {Merriam-Webster},
    title = {{Merriam-Webster encyclopedia}},
    year = {2014},
    url = {http://www.merriam-webster.com/dictionary/intention}
} 
@article{intentLatin,
    author = {Mahoney, Kevin},
    title = {{Latdict - Latin dictionary}},
    year = {2014},
    url = {http://www.latin-dictionary.net/search/latin/intentus}
} 